<?xml version="1.0" encoding="UTF-8"?><collection xmlns="http://www.loc.gov/MARC21/slim"><record><leader>00500nam--2200133-i-4500</leader><controlfield tag="001">000046282</controlfield><controlfield tag="002">20161230</controlfield><controlfield tag="005">20161230201045</controlfield><controlfield tag="008">060222s1000------------r-----000-0-eng-d</controlfield><datafield ind1=" " ind2=" " tag="080"><subfield code="a">543.422:543.424(043)</subfield></datafield><datafield ind1=" " ind2=" " tag="100"><subfield code="a">Vandenborre, Marie Therese</subfield></datafield><datafield ind1=" " ind2=" " tag="245"><subfield code="a">Contribution a la connaissance de la structure pyrochlore par spectroscopies de diffusion raman et d`abrosption infra-rouge et par diffraction des rayons x. these</subfield></datafield><datafield ind1=" " ind2=" " tag="260"><subfield code="a">Paris, Univ.Pierre Et Marie Curie, 1981, 223p.+annexe</subfield></datafield><datafield ind1=" " ind2=" " tag="852"><subfield code="a">71097</subfield></datafield></record></collection>